@inproceedings{demoura2021lean,
  title={The {Lean} 4 Theorem Prover and Programming Language},
  author={{de Moura, Leonardo} and {Ullrich, Sebastian}},
  series={CADE},
  year={2021}
}
@inproceedings{flatt2002composable,
author = {Flatt, Matthew},
title = {Composable and Compilable Macros: You Want It When?},
year = {2002},
series = {ICFP}
}
